<record xmlns:xsi="http://www.w3.org/2001/XMLSchema-instance" xmlns="http://www.loc.gov/MARC21/slim" xsi:schemaLocation="http://www.loc.gov/MARC21/slim http://www.loc.gov/standards/marcxml/schema/MARC21slim.xsd">

  <leader>01279nab a22001697a 4500</leader>
  <controlfield tag="005">20160328165157.0</controlfield>
  <controlfield tag="008">151015b2004    cr f|||| |||| 00| 0 spa d</controlfield>
  <datafield ind2=" " tag="090" ind1=" ">
    <subfield code="a">REVIS 06.02.01</subfield>
  </datafield>
  <datafield ind2=" " tag="100" ind1="1">
    <subfield code="9">808</subfield>
    <subfield code="a">García Carrasco, Joaquín</subfield>
  </datafield>
  <datafield ind2="3" tag="245" ind1="1">
    <subfield code="a">El concepto pedagógico formación en el universo semántico de la educación /</subfield>
    <subfield code="c">Joaquín García Carrasco</subfield>
  </datafield>
  <datafield ind1=" " tag="260" ind2=" ">
    <subfield code="a">San José, Costa Rica :</subfield>
    <subfield code="b">Editorial Universidad de Costa Rica,</subfield>
    <subfield code="c">2004</subfield>
  </datafield>
  <datafield ind2=" " tag="300" ind1=" ">
    <subfield code="a">páginas 13-28</subfield>
  </datafield>
  <datafield ind1=" " ind2=" " tag="520">
    <subfield code="a">El material contenido en este artículo, representa uno de los productos de la investigación del concepto formación en la Ley Fundamental de Educación de Costa Rica, que consideró entre las preguntas de investigación, la búsqueda de las raíces del concepto en Occidente. Mediante un rastreo en el lenguaje educativo, el acercamiento semántico es una de las etapas del rastreo. El artículo muestra la complejidad semántica del término en el amplio abanico de acepciones y en la enorme posibilidad de puentes léxicos que se pueden establecer desde términos afines y vinculantes</subfield>
  </datafield>
  <datafield tag="650" ind2="4" ind1="1">
    <subfield code="9">1</subfield>
    <subfield code="a">EDUCACIÓN</subfield>
  </datafield>
  <datafield ind1="0" tag="773" ind2=" ">
    <subfield code="d">San José, Costa Rica : Editorial de la Universidad de Costa Rica, 1997-</subfield>
    <subfield code="o">R0253</subfield>
    <subfield code="t">EDUCACIÓN: Revista de la Universidad de Costa Rica</subfield>
    <subfield code="g">Vol.28, no.2 (2004)</subfield>
  </datafield>
  <datafield ind2=" " tag="942" ind1=" ">
    <subfield code="2">z</subfield>
    <subfield code="c">10</subfield>
  </datafield>
  <datafield ind1=" " ind2=" " tag="999">
    <subfield code="c">2912</subfield>
    <subfield code="d">2912</subfield>
  </datafield>
</record>